@conference{antonelli-ns-2009,
  title={{P}rioritized {C}losed-Loop {I}nverse {K}inematic {A}lgorithms for {R}edundant {R}obotic {S}ystems with {V}elocity {S}aturations},
  author={Antonelli, Gianluca AND Indiveri, Giovanni AND Chiaverini, Stefano },
  booktitle={IEEE/RSJ {I}nternational {C}onference on {I}ntelligent {R}obots and {S}ystems},
  year={2009}
}

@conference{buss-ns-2006,
  title={{R}edundandy {R}esolution with {M}ultiple {C}riteria},
  author={Lee, Kwang-Kyu AND Buss, Martin },
  booktitle={IEEE/RSJ {I}nternational {C}onference on {I}ntelligent {R}obots and {S}ystems},
  year={2006}
}

@InProceedings{kapoor-ns-1998,
author = {Kapoor, Chetan AND Cetin, Murat AND Tesar, Delbert},
title = {{P}erformance based redundancy resolution with multiple criteria},
booktitle = {Proceedings of the ASME Design Engineering Technical Conference},
year = {1998},
month = {September}
}

@conference{hooper-ns-1995,
author = {Hooper, Richard AND Tesar, Delbert},
title = {{M}otion {C}oordination based on multiple performance criteria with a hyper-redundant serial robot example},
booktitle = {Proceedings of the IEEE International Conference on Intelligent Control},
year = {1995},
pages = {133-138}
}

@conference{walker-ns-1993,
  title={{A} {C}onsistent {N}ull-{S}pace {B}ased {A}pproach to {I}nverse {K}inematics of {R}edundant {R}obots},
  author={Chen, Yu-Che AND Walker, Ian },
  booktitle={IEEE {I}nternational {C}onference on {R}obotics and {A}utomation},
  pages = {374-381},
  year={1993}
}

@Article{siciliano-ns-1990,
author = {Siciliano, Bruno},
title = {{K}inematic {C}ontrol of {R}edundant {R}obot {M}anipulators: {A} {T}utorial},
journal = {{J}ournal of {I}ntelligent and {R}obotics {S}ystems},
year = {1990},
pages = {201-212}
}

@conference{baillieul-ns-1985,
  title={Kinematic programming alternatives for redundant manipulators},
  author={Baillieul, John },
  booktitle={IEEE {I}nternational {C}onference on {R}obotics and {A}utomation},
  pages = {722-728},
  year={1985}
}

@conference{klein-ns-1985,
  title={{O}bstacle {A}voidance for {K}inematically {R}edundant {M}anipulators in {D}ynamically {V}arying {E}nvironments},
  author={Maciejewski, Anthony AND Klein, Charles },
  booktitle={The International Journal of Robotics Research},
  pages = {109-117},
  volume = {4},
  number = {3},
  year={1985}
}

@conference{yoshikawa-ns-1985,
  title={{A}nalysis and {C}ontrol of {R}obot {M}anipulators with {R}edundancy},
  author={Yoshikawa, Tsuneo },
  booktitle={Robotics Research, The First International Symposium},
  pages = {735-747},
  year={1985},
  publisher={MIT Press}
}

@conference{liegeois-ns-1977,
  title={Automatic {S}upervisory {C}ontrol of the {C}onfiguration and {B}ehavior of {M}ultibody {M}echanisms},
  author={ Liegeois, Alain },
  booktitle={IEEE Transactions on Systems, Man and Cybernetics},
  pages = {868-871},
  year={1977}
}

@incollection{Whitney-motionRate-1969,
  AUTHOR = {Whitney, Daniel E.},
  TITLE = {{R}esolved {M}otion {R}ate {C}ontrol of {M}anipulators and {H}uman {P}rostheses},
  YEAR = 1969,
  BOOKTITLE = {IEEE Transactions on Man-Machine Systems},
  PAGES = {47-53},
  year = {1969},
  volume = {2}
}

